
@article{steyerberg2010assessing,
  title={Assessing the performance of prediction models: a framework for some traditional and novel measures},
  author={Steyerberg, Ewout W and Vickers, Andrew J and Cook, Nancy R and Gerds, Thomas and Gonen, Mithat and Obuchowski, Nancy and Pencina, Michael J and Kattan, Michael W},
  journal={Epidemiology (Cambridge, Mass.)},
  volume={21},
  number={1},
  pages={128},
  year={2010},
  publisher={NIH Public Access},
  doi={https://doi.org/10.1097/EDE.0b013e3181c30fb2}
}

@article{sterne2009multiple,
  title={Multiple imputation for missing data in epidemiological and clinical research: potential and pitfalls},
  author={Sterne, Jonathan AC and White, Ian R and Carlin, John B and Spratt, Michael and Royston, Patrick and Kenward, Michael G and Wood, Angela M and Carpenter, James R},
  journal={Bmj},
  volume={338},
  year={2009},
  publisher={British Medical Journal Publishing Group}
}

@article{thomas2014pre,
  title={Pre-operative mortality risk assessment in patients with continuous-flow left ventricular assist devices: application of the HeartMate II risk score},
  author={Thomas, Sunu S and Nahumi, Nadav and Han, Jason and Lippel, Matthew and Colombo, Paolo and Yuzefpolskaya, Melana and Takayama, Hiroo and Naka, Yoshifumi and Uriel, Nir and Jorde, Ulrich P},
  journal={The Journal of Heart and Lung Transplantation},
  volume={33},
  number={7},
  pages={675--681},
  year={2014},
  publisher={Elsevier}
}

@article{van2020rebutting,
  title={Rebutting existing misconceptions about multiple imputation as a method for handling missing data},
  author={van Ginkel, Joost R and Linting, Marielle and Rippe, Ralph CA and van der Voort, Anja},
  journal={Journal of personality assessment},
  volume={102},
  number={3},
  pages={297--308},
  year={2020},
  publisher={Taylor \& Francis}
}

@book{james2013introduction,
  title={An introduction to statistical learning},
  author={James, Gareth and Witten, Daniela and Hastie, Trevor and Tibshirani, Robert},
  volume={112},
  year={2013},
  publisher={Springer}
}

@article{jaeger2019oblique,
  title={Oblique random survival forests},
  author={Jaeger, Byron C and Long, D Leann and Long, Dustin M and Sims, Mario and Szychowski, Jeff M and Min, Yuan-I and Mcclure, Leslie A and Howard, George and Simon, Noah and others},
  journal={The Annals of Applied Statistics},
  volume={13},
  number={3},
  pages={1847--1883},
  year={2019},
  publisher={Institute of Mathematical Statistics}
}

@article{grady2015change,
  title={Change in health-related quality of life from before to after destination therapy mechanical circulatory support is similar for older and younger patients: analyses from INTERMACS},
  author={Grady, Kathleen L and Naftel, David C and Myers, Susan and Dew, Mary Amanda and Weidner, Gerdi and Spertus, John A and Idrissi, Katharine and Lee, Hochang B and McGee, Edwin C and Kirklin, James K},
  journal={The Journal of Heart and Lung Transplantation},
  volume={34},
  number={2},
  pages={213--221},
  year={2015},
  publisher={Elsevier}
}

@article{hawthorne2005imputing,
  title={Imputing cross-sectional missing data: comparison of common techniques},
  author={Hawthorne, Graeme and Hawthorne, Graeme and Elliott, Peter},
  journal={Australian and New Zealand Journal of Psychiatry},
  volume={39},
  number={7},
  pages={583--590},
  year={2005},
  publisher={Taylor \& Francis}
}

@article{nanni2012classifier,
  title={A classifier ensemble approach for the missing feature problem},
  author={Nanni, Loris and Lumini, Alessandra and Brahnam, Sheryl},
  journal={Artificial intelligence in medicine},
  volume={55},
  number={1},
  pages={37--50},
  year={2012},
  publisher={Elsevier}
}

@article{josse2019consistency,
  title={On the consistency of supervised learning with missing values},
  author={Josse, Julie and Prost, Nicolas and Scornet, Erwan and Varoquaux, Ga{\"e}l},
  journal={arXiv preprint arXiv:1902.06931},
  year={2019}
}

@article{jerez2010missing,
  title={Missing data imputation using statistical and machine learning methods in a real breast cancer problem},
  author={Jerez, Jos{\'e} M and Molina, Ignacio and Garc{\'\i}a-Laencina, Pedro J and Alba, Emilio and Ribelles, Nuria and Mart{\'\i}n, Miguel and Franco, Leonardo},
  journal={Artificial intelligence in medicine},
  volume={50},
  number={2},
  pages={105--115},
  year={2010},
  publisher={Elsevier}
}

@article{missForest,
    author = {Stekhoven, Daniel J. and Bühlmann, Peter},
    title = "{MissForest—non-parametric missing value imputation for mixed-type data}",
    journal = {Bioinformatics},
    volume = {28},
    number = {1},
    pages = {112-118},
    year = {2011},
    month = {10},
    issn = {1367-4803},
    doi = {10.1093/bioinformatics/btr597},
    url = {https://dx.doi.org/10.1093/bioinformatics/btr597},
}

@article{gerds2013estimating,
  title={Estimating a Time-dependent Concordance Index for Survival Prediction Models with Covariate Dependent Censoring},
  author={Gerds, Thomas A and Kattan, Michael W and Schumacher, Martin and Yu, Changhong},
  journal={Statistics in Medicine},
  volume={32},
  number={13},
  pages={2173--2184},
  year={2013},
  doi={10.1002/sim.5681},
  publisher={Wiley Online Library}
}

@article{graf1999assessment,
  title={Assessment and comparison of prognostic classification schemes for survival data},
  author={Graf, Erika and Schmoor, Claudia and Sauerbrei, Willi and Schumacher, Martin},
  journal={Statistics in medicine},
  volume={18},
  number={17-18},
  pages={2529--2545},
  year={1999},
  publisher={Wiley Online Library}
}

@article{gerds2014calibration,
  title={Calibration plots for risk prediction models in the presence of competing risks},
  author={Gerds, Thomas A and Andersen, Per K and Kattan, Michael W},
  journal={Statistics in medicine},
  volume={33},
  number={18},
  pages={3191--3203},
  year={2014},
  doi={https://doi.org/10.1002/sim.6152},
  publisher={Wiley Online Library}
}

@Article{mogensen2012evaluating,
    title = {Evaluating Random Forests for Survival Analysis Using
Prediction Error Curves},
    author = {Ulla B. Mogensen and Hemant Ishwaran and Thomas A. Gerds},
    journal = {Journal of Statistical Software},
    year = {2012},
    volume = {50},
    number = {11},
    pages = {1--23},
    url = {http://www.jstatsoft.org/v50/i11/},
  }

@article{ishwaran2008random,
  title={Random survival forests},
  author={Ishwaran, Hemant and Kogalur, Udaya B and Blackstone, Eugene H and Lauer, Michael S and others},
  journal={The annals of applied statistics},
  volume={2},
  number={3},
  pages={841--860},
  year={2008},
  publisher={Institute of Mathematical Statistics}
}

@book{rubin2004multiple,
  title={Multiple imputation for nonresponse in surveys},
  author={Rubin, Donald B},
  volume={81},
  year={2004},
  publisher={John Wiley \& Sons}
}


@Article{Breiman2001,
author="Breiman, Leo",
title="Random Forests",
journal="Machine Learning",
year="2001",
month="Oct",
day="01",
volume="45",
number="1",
pages="5--32",
issn="1573-0565",
doi="10.1023/A:1010933404324",
url="https://doi.org/10.1023/A:1010933404324"
}

@article{gower,
 ISSN = {0006341X, 15410420},
 URL = {http://www.jstor.org/stable/2528823},
 abstract = {A general coefficient measuring the similarity between two sampling units is defined. The matrix of similarities between all pairs of sample units is shown to be positive semidefinite (except possibly when there are missing values). This is important for the multidimensional Euclidean representation of the sample and also establishes some inequalities amongst the similarities relating three individuals. The definition is extended to cope with a hierarchy of characters.},
 author = {J. C. Gower},
 journal = {Biometrics},
 number = {4},
 pages = {857--871},
 publisher = {[Wiley, International Biometric Society]},
 title = {A General Coefficient of Similarity and Some of Its Properties},
 volume = {27},
 year = {1971}
}

@article{chen2000nearest,
  title={Nearest Neighbor Imputation for Survey Data},
  author={Chen, Jiahua and Shao, Jun},
  journal={Journal of Official Statistics},
  volume={16},
  number={2},
  pages={113},
  year={2000},
  publisher={Statistics Sweden (SCB)}
}

@article{landerman1997empirical,
  title={An empirical evaluation of the predictive mean matching method for imputing missing values},
  author={Landerman, Lawrence R and Land, Kenneth C and Pieper, Carl F},
  journal={Sociological Methods \& Research},
  volume={26},
  number={1},
  pages={3--33},
  year={1997},
  publisher={SAGE PERIODICALS PRESS},
  doi={https://doi.org/10.1177/0049124197026001001}
}

@article{andridge2010hotdeck,
  title={A review of hot deck imputation for survey non-response},
  author={Andridge, Rebecca R and Little, Roderick JA},
  journal={International statistical review},
  volume={78},
  number={1},
  pages={40--64},
  year={2010},
  publisher={Wiley Online Library},
  doi={https://doi.org/10.1111/j.1751-5823.2010.00103.x}
}

@article{azur2011multiple,
  title={Multiple Imputation by Chained Equations: What is it and How Does it Work?},
  author={Azur, Melissa J and
  Stuart, Elizabeth A and
  Frangakis, Constantine and
  Leaf, Philip J},
  journal={International journal of methods in psychiatric research},
  volume={20},
  number={1},
  pages={40--49},
  year={2011},
  doi={10.1002/mpr.329},
  publisher={Wiley Online Library}
}

@article{van2006fully,
  title={Fully Conditional Specification in Multivariate Imputation},
  author={Van Buuren, Stef and Brand, Jaap PL and Groothuis-Oudshoorn, Catharina GM and Rubin, Donald B},
  journal={Journal of statistical computation and simulation},
  volume={76},
  number={12},
  pages={1049--1064},
  year={2006},
  doi={https://doi.org/10.1080/10629360600810434},
  publisher={Taylor \& Francis}
}

@book{van2018flexible,
  title={Flexible Imputation of Missing Data},
  author={Van Buuren, Stef},
  year={2018},
  doi={10.1201/b11826},
  publisher={Chapman and Hall/CRC}
}

@article{cismondi2013missing,
 author = {Cismondi, Federico and Fialho, Andr{\'e} S. and Vieira, Susana M. and Reti, Shane R. and Sousa, Jo\~{a}O M. C. and Finkelstein, Stan N.},
 title = {Missing Data in Medical Databases: Impute, Delete or Classify?},
 journal = {Artif. Intell. Med.},
 issue_date = {May, 2013},
 volume = {58},
 number = {1},
 month = may,
 year = {2013},
 issn = {0933-3657},
 pages = {63--72},
 numpages = {10},
 url = {http://dx.doi.org/10.1016/j.artmed.2013.01.003},
 doi = {10.1016/j.artmed.2013.01.003},
 acmid = {2483561},
 publisher = {Elsevier Science Publishers Ltd.},
 address = {Essex, UK},
 keywords = {Fuzzy systems, Intensive care unit, Missing data classification, Statistical classifier, Test bed},
}

@article{kirklin2017eighth,
  title={Eighth Annual INTERMACS Report: Special Focus on Framing the Impact of Adverse Events},
  author={
  Kirklin, James K and
  Pagani, Francis D and
  Kormos, Robert L and
  Stevenson, Lynne W and
  Blume, Elizabeth D and
  Myers, Susan L and
  Miller, Marissa A and
  Baldwin, J Timothy and
  Young, James B and
  Naftel, David C},
  journal={The Journal of Heart and Lung Transplantation},
  volume={36},
  number={10},
  pages={1080--1086},
  year={2017},
  doi={https://www.ncbi.nlm.nih.gov/pubmed/28942782},
  publisher={Elsevier}
}

@inproceedings{hassan2007regression,
  title={Regression in the Presence Missing Data using Ensemble Methods},
  author={Hassan, Mostafa M and
  Atiya, Amir F and
  El-Gayar, Neamat and
  El-Fouly, Raafat},
  booktitle={Neural Networks, 2007. IJCNN 2007},
  pages={1261--1265},
  year={2007},
  doi={10.1109/IJCNN.2007.4371139},
  organization={IEEE}
}

@Article{strobl2007bias,
    title = {Bias in Random Forest Variable Importance Measures: Illustrations, Sources and a Solution},
    author = {Carolin Strobl and Anne-Laure Boulesteix and Achim Zeileis and Torsten Hothorn},
    journal = {BMC Bioinformatics},
    year = {2007},
    volume = {8},
    number = {25},
    url = {http://www.biomedcentral.com/1471-2105/8/25},
  }

@Article{hothorn2006survival,
    title = {Survival Ensembles},
    author = {Torsten Hothorn and Peter Buehlmann and Sandrine Dudoit and Annette Molinaro and Mark {Van Der Laan}},
    journal = {Biostatistics},
    year = {2006},
    volume = {7},
    number = {3},
    doi={https://doi.org/10.1093/biostatistics/kxj011},
    pages = {355--373},
  }

@Article{strobl2008conditional,
    title = {Conditional Variable Importance for Random Forests},
    author = {Carolin Strobl and Anne-Laure Boulesteix and Thomas Kneib and Thomas Augustin and Achim Zeileis},
    journal = {BMC Bioinformatics},
    year = {2008},
    volume = {9},
    number = {307},
    url = {http://www.biomedcentral.com/1471-2105/9/307},
  }

@inproceedings{chen2016xgboost,
 author = {Chen, Tianqi and Guestrin, Carlos},
 title = {XGBoost: A Scalable Tree Boosting System},
 booktitle = {Proceedings of the 22Nd ACM SIGKDD International Conference on Knowledge Discovery and Data Mining},
 series = {KDD '16},
 year = {2016},
 isbn = {978-1-4503-4232-2},
 location = {San Francisco, California, USA},
 pages = {785--794},
 numpages = {10},
 url = {http://doi.acm.org/10.1145/2939672.2939785},
 doi = {10.1145/2939672.2939785},
 acmid = {2939785},
 publisher = {ACM},
 address = {New York, NY, USA},
 keywords = {large-scale machine learning},
}

@article{friedman2001greedy,
  title={Greedy function approximation: a gradient boosting machine},
  author={Friedman, Jerome H},
  journal={Annals of statistics},
  pages={1189--1232},
  year={2001},
  doi={10.1214/aos/1013203451},
  publisher={JSTOR}
}

@book{kleinbaum2010survival,
  title={Survival analysis},
  author={Kleinbaum, David G and Klein, Mitchel},
  volume={3},
  year={2010},
  doi={https://doi.org/10.1007/978-1-4419-6646-9},
  publisher={Springer}
}

@book{kuhn2013applied,
  title={Applied predictive modeling},
  author={Kuhn, Max and Johnson, Kjell},
  volume={26},
  year={2013},
  doi={10.1007/978-1-4614-6849-3},
  publisher={Springer}
}

@book{kuhn2019feature,
  title={Feature engineering and selection: A practical approach for predictive models},
  author={Kuhn, Max and Johnson, Kjell},
  year={2019},
  publisher={CRC Press}
}

@article{twala2009empirical,
  title={An empirical comparison of techniques for handling incomplete data using decision trees},
  author={Twala, Bhekisipho},
  journal={Applied Artificial Intelligence},
  volume={23},
  number={5},
  pages={373--405},
  year={2009},
  publisher={Taylor \& Francis}
}

@article{ding2010investigation,
  title={An investigation of missing data methods for classification trees applied to binary response data},
  author={Ding, Yufeng and Simonoff, Jeffrey S},
  journal={Journal of Machine Learning Research},
  volume={11},
  number={Jan},
  pages={131--170},
  year={2010}
}

@misc{therneau1997introduction,
  title={An introduction to recursive partitioning using the RPART routines},
  author={Therneau, Terry M and Atkinson, Elizabeth J and others},
  year={1997},
  url={https://cran.r-project.org/web/packages/rpart/vignettes/longintro.pdf},
  publisher={Technical Report 61. URL http://www. mayo. edu/hsr/techrpt/61.pdf}
}

@misc{party_package,
  title={Party: A laboratory for recursive partytioning},
  author={Hothorn, Torsten and Hornik, Kurt and Strobl, Carolin and Zeileis, Achim},
  url={http://party.r-forge.r-project.org/},
  year={2010}
}

@Manual{xgboost_package,
    title = {xgboost: Extreme Gradient Boosting},
    author = {Tianqi Chen and Tong He and Michael Benesty and Vadim Khotilovich and Yuan Tang and Hyunsu Cho and Kailong Chen and Rory Mitchell and Ignacio Cano and Tianyi Zhou and Mu Li and Junyuan Xie and Min Lin and Yifeng Geng and Yutian Li},
    year = {2019},
    note = {R package version 0.81.0.1},
    url = {https://CRAN.R-project.org/package=xgboost},
  }

@article{pencina2011extensions,
  title={Extensions of net reclassification improvement calculations to measure usefulness of new biomarkers},
  author={Pencina, Michael J and D'Agostino Sr, Ralph B and Steyerberg, Ewout W},
  journal={Statistics in medicine},
  volume={30},
  number={1},
  pages={11--21},
  year={2011},
  doi={10.1002/sim.4085},
  publisher={Wiley Online Library}
}

@article{gerds2006consistent,
  title={Consistent estimation of the expected Brier score in general survival models with right-censored event times},
  author={Gerds, Thomas A and Schumacher, Martin},
  journal={Biometrical Journal},
  volume={48},
  number={6},
  pages={1029--1040},
  year={2006},
  url={ https://doi.org/10.1002/bimj.200610301},
  publisher={Wiley Online Library}
}

@article{rufibach2010use,
  title={Use of Brier score to assess binary predictions},
  author={Rufibach, Kaspar},
  journal={Journal of clinical epidemiology},
  volume={63},
  number={8},
  pages={938--939},
  year={2010},
  doi = {https://doi.org/10.1016/j.jclinepi.2009.11.009},
  publisher={Elsevier}
}

@article{pencina2008evaluating,
  title={Evaluating the added predictive ability of a new marker: from area under the ROC curve to reclassification and beyond},
  author={Pencina, Michael J and D'Agostino Sr, Ralph B and D'Agostino Jr, Ralph B and Vasan, Ramachandran S},
  journal={Statistics in medicine},
  volume={27},
  number={2},
  pages={157--172},
  year={2008},
  publisher={Wiley Online Library}
}

@article{kormos2019society,
  title={The Society of Thoracic Surgeons Intermacs database annual report: Evolving indications, outcomes, and scientific partnerships},
  author={Kormos, Robert L and Cowger, Jennifer and Pagani, Francis D and Teuteberg, Jeffrey J and Goldstein, Daniel J and Jacobs, Jeffrey P and Higgins, Robert S and Stevenson, Lynne W and Stehlik, Josef and Atluri, Pavan and others},
  journal={The Journal of Heart and Lung Transplantation},
  volume={38},
  number={2},
  pages={114--126},
  year={2019},
  publisher={Elsevier}
}

@misc{hetzer2017mechanical,
  title={Mechanical circulatory support devices: In progress},
  author={Hetzer, Roland and Delmo Walter, Eva M},
  year={2017},
  publisher={Mass Medical Soc}
}

@article{patel2014contemporary,
  title={A contemporary review of mechanical circulatory support},
  author={Patel, Chetan B and Cowger, Jennifer A and Zuckermann, Andreas},
  journal={The Journal of Heart and Lung Transplantation},
  volume={33},
  number={7},
  pages={667--674},
  year={2014},
  publisher={Elsevier}
}

@article{slaughter2009advanced,
  title={Advanced heart failure treated with continuous-flow left ventricular assist device},
  author={Slaughter, Mark S and Rogers, Joseph G and Milano, Carmelo A and Russell, Stuart D and Conte, John V and Feldman, David and Sun, Benjamin and Tatooles, Antone J and Delgado III, Reynolds M and Long, James W and others},
  journal={New England Journal of Medicine},
  volume={361},
  number={23},
  pages={2241--2251},
  year={2009},
  publisher={Mass Medical Soc}
}

@book{national2017health,
  title={Health, United States, 2016, With chartbook on long-term trends in health},
  author={National Center for Health Statistics},
  number={2017},
  year={2017},
  publisher={Government Printing Office}
}

@article{benjamin2017heart,
  title={Heart disease and stroke statistics-2017 update: a report from the American Heart Association.},
  author={Benjamin, Emelia J and Blaha, Michael J and Chiuve, Stephanie E and Cushman, Mary and Das, Sandeep R and Deo, Rajat and Floyd, J and Fornage, M and Gillespie, C and Isasi, CR and others},
  journal={Circulation},
  volume={135},
  number={10},
  pages={e146--e603},
  year={2017},
  publisher={NIH Public Access}
}

@article{stewart2011keeping,
  title={Keeping left ventricular assist device acceleration on track},
  author={Stewart, Garrick C and Stevenson, Lynne W},
  journal={Circulation},
  volume={123},
  number={14},
  pages={1559--1568},
  year={2011},
  publisher={Am Heart Assoc}
}

@article{miller2011left,
  title={Left ventricular assist devices are underutilized},
  author={Miller, Leslie W},
  journal={Circulation},
  volume={123},
  number={14},
  pages={1552--1558},
  year={2011},
  publisher={Am Heart Assoc}
}

@article{tutz2015improved,
  title={Improved methods for the imputation of missing data by nearest neighbor methods},
  author={Tutz, Gerhard and Ramzan, Shahla},
  journal={Computational Statistics \& Data Analysis},
  volume={90},
  pages={84--99},
  year={2015},
  publisher={Elsevier}
}

@article{amiri2016missing,
  title={Missing data imputation using fuzzy-rough methods},
  author={Amiri, Mehran and Jensen, Richard},
  journal={Neurocomputing},
  volume={205},
  pages={152--164},
  year={2016},
  publisher={Elsevier}
}

@article{ferro2014missing,
  title={Missing data in longitudinal studies: cross-sectional multiple imputation provides similar estimates to full-information maximum likelihood},
  author={Ferro, Mark A},
  journal={Annals of epidemiology},
  volume={24},
  number={1},
  pages={75--77},
  year={2014},
  publisher={Elsevier}
}

@article{purwar2015hybrid,
  title={Hybrid prediction model with missing value imputation for medical data},
  author={Purwar, Archana and Singh, Sandeep Kumar},
  journal={Expert Systems with Applications},
  volume={42},
  number={13},
  pages={5621--5631},
  year={2015},
  publisher={Elsevier}
}

@article{hsich2012should,
  title={Should women receive left ventricular assist device support? Findings from INTERMACS},
  author={Hsich, Eileen M and Naftel, David C and Myers, Susan L and Gorodeski, Eiran Z and Grady, Kathleen L and Schmuhl, Darlene and Ulisney, Karen L and Young, James B},
  journal={Circulation: Heart Failure},
  volume={5},
  number={2},
  pages={234--240},
  year={2012},
  publisher={Am Heart Assoc}
}

@article{cotts2014predictors,
  title={Predictors of hospital length of stay after implantation of a left ventricular assist device: An analysis of the INTERMACS registry},
  author={Cotts, William G and McGee Jr, Edwin C and Myers, Susan L and Naftel, David C and Young, James B and Kirklin, James K and Grady, Kathleen L},
  journal={The Journal of Heart and Lung Transplantation},
  volume={33},
  number={7},
  pages={682--688},
  year={2014},
  publisher={Elsevier}
}

@article{eckman2011survival,
  title={Survival of INTERMACS profile 4-6 patients after left ventricular assist device implant is improved compared to Seattle Heart Failure Model estimated survival},
  author={Eckman, Peter and Rosenbaum, Andrew and Vongooru, Haree and Basraon, Jagroop and John, Ranjit and Levy, Wayne and others},
  journal={Journal of Cardiac Failure},
  volume={17},
  number={8},
  pages={S38--S39},
  year={2011},
  publisher={Elsevier}
}

@article{little2013joys,
  title={On the joys of missing data},
  author={Little, Todd D and Jorgensen, Terrence D and Lang, Kyle M and Moore, E Whitney G},
  journal={Journal of pediatric psychology},
  volume={39},
  number={2},
  pages={151--162},
  year={2013},
  publisher={Oxford University Press}
}

@article{steele2018machine,
  title={Machine learning models in electronic health records can outperform conventional survival models for predicting patient mortality in coronary artery disease},
  author={Steele, Andrew J and Denaxas, Spiros C and Shah, Anoop D and Hemingway, Harry and Luscombe, Nicholas M},
  journal={PloS one},
  volume={13},
  number={8},
  pages={e0202344},
  year={2018},
  publisher={Public Library of Science}
}

@article{Adamo950,
	author = {Adamo, Luigi and Tang, Yuanyuan and Nassif, Michael E. and Novak, Eric and Jones, Philip G. and LaRue, Shane and Spertus, John A. and Mann, Douglas L.},
	title = {The HeartMate Risk Score Identifies Patients With Similar Mortality Risk Across~All INTERMACS Profiles in a~Large~Multicenter Analysis},
	volume = {4},
	number = {12},
	pages = {950--958},
	year = {2016},
	doi = {10.1016/j.jchf.2016.07.014},
	publisher = {JACC: Heart Failure},
	issn = {2213-1779},
	URL = {http://heartfailure.onlinejacc.org/content/4/12/950},
	eprint = {http://heartfailure.onlinejacc.org/content/4/12/950.full.pdf},
	journal = {JACC: Heart Failure}
}

@book{hastie2009elements,
  title={The elements of statistical learning: data mining, inference, and prediction},
  author={Hastie, Trevor and Tibshirani, Robert and Friedman, Jerome},
  year={2009},
  publisher={Springer Science \& Business Media}
}

@article{blackstone1986decomposition,
  title={The decomposition of time-varying hazard into phases, each incorporating a separate stream of concomitant information},
  author={Blackstone, Eugene H and Naftel, David C and Turner Jr, Malcolm E},
  journal={Journal of the American Statistical Association},
  volume={81},
  number={395},
  pages={615--624},
  year={1986},
  publisher={Taylor \& Francis}
}
